@article{commutative,
author = {Kazuo Murota},
title = {Homotopy Base of an Acyclic Graphâ€”a Combinatorial Analysis of Commutative Diagrams by Means of Preordered Matroid},
year = {1987},
volume = {17},
number = {1--2},
journal = {Discrete Appl. Math.},
month = may,
pages = {135--155},
}

@article{gator,
author = {Dietrich Geisler,
          Irene Yoon,
          Aditi Kabra,
          Horace He,
          Yinnon Sanders,
          Adrian Sampson},
title = {Geometry Types for Graphics Programming},
year = {2020},
journal = {OOPSLA?},
}
